{"gold_per_floor":[119,69,83,98,118,149,159,175,201,201,217,65,65,100,100,197,197,210,210,210,210,210,210,141,141,141,141,153,153,163,163,163,266,266,280,280,280,298,298,298,50,50,50,69,69,69,69,89,89,89],"floor_reached":51,"playtime":2083,"items_purged":[],"score":774,"play_id":"fc92d20e-557e-4029-bef3-756792c03695","local_time":"20180925144632","is_ascension_mode":true,"campfire_choices":[{"data":"Cloak And Dagger","floor":10,"key":"SMITH"},{"floor":13,"key":"REST"},{"data":"Cloak And Dagger","floor":15,"key":"SMITH"},{"data":"Blade Dance","floor":23,"key":"SMITH"},{"data":"Infinite Blades","floor":25,"key":"SMITH"},{"data":"RitualDagger","floor":27,"key":"SMITH"},{"data":"Dash","floor":29,"key":"SMITH"},{"data":"Backflip","floor":32,"key":"SMITH"},{"data":"Acrobatics","floor":40,"key":"SMITH"},{"data":"Poisoned Stab","floor":42,"key":"SMITH"},{"data":"Quick Slash","floor":45,"key":"SMITH"},{"data":"Sucker Punch","floor":47,"key":"SMITH"},{"floor":49,"key":"REST"}],"neow_cost":"NONE","seed_source_timestamp":47755196551063,"circlet_count":0,"master_deck":["Defend_G+1","Defend_G+1","Defend_G+1","Defend_G+1","Defend_G+1","Strike_G+1","Strike_G+1","Neutralize","Dash+1","Quick Slash+1","Slice","Sucker Punch+1","Blade Dance+1","Cloak And Dagger+1","Slice","Cloak And Dagger+1","Die Die Die","RitualDagger+1","Infinite Blades+1","Prepared+1","Backflip+1","Acrobatics+1","Madness","Madness","Predator+1"],"relics":["Ring of the Snake","Kunai","Ancient Tea Set","Vajra","Blood Vial","Busted Crown","Strawberry","Sozu","Matryoshka","Shuriken","Bronze Scales"],"potions_floor_usage":[6,11,33,48],"damage_taken":[{"damage":0,"enemies":"2 Louse","floor":1,"turns":3},{"damage":1,"enemies":"Small Slimes","floor":3,"turns":3},{"damage":0,"enemies":"Cultist","floor":4,"turns":3},{"damage":1,"enemies":"Large Slime","floor":5,"turns":6},{"damage":13,"enemies":"Lagavulin","floor":6,"turns":6},{"damage":2,"enemies":"Exordium Thugs","floor":7,"turns":4},{"damage":4,"enemies":"Blue Slaver","floor":8,"turns":3},{"damage":0,"enemies":"Large Slime","floor":11,"turns":5},{"damage":10,"enemies":"3 Sentries","floor":14,"turns":5},{"damage":12,"enemies":"The Guardian","floor":16,"turns":16},{"damage":5,"enemies":"Shell Parasite","floor":18,"turns":4},{"damage":0,"enemies":"3 Byrds","floor":28,"turns":3},{"damage":5,"enemies":"Cultist and Chosen","floor":30,"turns":6},{"damage":55,"enemies":"Automaton","floor":33,"turns":12},{"damage":5,"enemies":"3 Shapes","floor":35,"turns":3},{"damage":0,"enemies":"Orb Walker","floor":38,"turns":3},{"damage":6,"enemies":"Spire Growth","floor":44,"turns":4},{"damage":0,"enemies":"Reptomancer","floor":48,"turns":3},{"damage":16,"enemies":"Awakened One","floor":50,"turns":9}],"seed_played":"8967433150086571667","potions_obtained":[{"floor":1,"key":"FearPotion"},{"floor":3,"key":"Fire Potion"},{"floor":5,"key":"Explosive Potion"},{"floor":8,"key":"SpeedPotion"},{"floor":16,"key":"Swift Potion"},{"floor":18,"key":"SpeedPotion"}],"is_trial":false,"path_per_floor":["M","?","M","M","M","E","M","M","T","R","M","$","R","E","R","B",null,"M","?","?","?","?","R","$","R","T","R","M","R","M","?","R","B",null,"M","$","?","M","?","R","$","R","T","M","R","?","R","M","R","B"],"character_chosen":"THE_SILENT","items_purchased":["Vajra","Infinite Blades","Matryoshka"],"campfire_rested":2,"item_purchase_floors":[12,24,41],"current_hp_per_floor":[70,70,69,69,68,55,53,49,49,49,49,49,70,60,60,50,70,65,65,65,65,59,59,59,59,66,66,68,68,65,65,65,12,77,72,72,72,74,64,64,64,64,64,60,60,60,60,62,77,61],"gold":89,"neow_bonus":"UPGRADE_CARD","is_prod":false,"is_daily":false,"chose_seed":false,"campfire_upgraded":11,"win_rate":0,"timestamp":1537904792,"path_taken":["M","?","M","M","M","E","M","M","T","R","M","$","R","E","R","BOSS","M","?","?","?","?","R","$","R","T","R","?","R","M","?","R","BOSS","M","$","?","?","?","R","$","R","T","M","R","?","R","?","R","BOSS"],"build_version":"2018-09-20","purchased_purges":0,"victory":true,"max_hp_per_floor":[70,70,70,70,70,70,70,70,70,70,70,70,70,70,70,70,70,70,70,70,70,70,70,70,70,77,77,77,77,77,77,77,77,77,77,77,77,77,77,77,77,77,77,77,77,77,77,77,77,77],"card_choices":[{"not_picked":["Well Laid Plans","Predator"],"picked":"Dash","floor":1},{"not_picked":["Caltrops","Flying Knee"],"picked":"Quick Slash","floor":3},{"not_picked":["Prepared","Tactician"],"picked":"Poisoned Stab","floor":4},{"not_picked":["Eviscerate","Skewer"],"picked":"Slice","floor":5},{"not_picked":["A Thousand Cuts","Dagger Spray"],"picked":"Sucker Punch","floor":6},{"not_picked":["Deadly Poison","Flying Knee"],"picked":"Blade Dance","floor":7},{"not_picked":["Choke","Sucker Punch"],"picked":"Cloak And Dagger","floor":8},{"not_picked":["PiercingWail","Outmaneuver"],"picked":"Slice","floor":11},{"not_picked":["Leg Sweep","Quick Slash"],"picked":"Cloak And Dagger","floor":14},{"not_picked":["Unload","Night Terror"],"picked":"Die Die Die","floor":16},{"not_picked":["Deadly Poison"],"picked":"SKIP","floor":18},{"not_picked":["PiercingWail"],"picked":"SKIP","floor":28},{"not_picked":[],"picked":"Prepared+1","floor":30},{"not_picked":["Bane+1"],"picked":"SKIP","floor":35},{"not_picked":[],"picked":"Acrobatics","floor":38},{"not_picked":["Bane"],"picked":"SKIP","floor":44},{"not_picked":[],"picked":"Predator+1","floor":48}],"player_experience":394219,"relics_obtained":[{"floor":6,"key":"Kunai"},{"floor":9,"key":"Ancient Tea Set"},{"floor":14,"key":"Blood Vial"},{"floor":26,"key":"Strawberry"},{"floor":43,"key":"Shuriken"},{"floor":43,"key":"Bronze Scales"}],"event_choices":[{"event_name":"The Cleric","player_choice":"Card Removal","floor":2,"damage_taken":0},{"event_name":"Wheel of Change","player_choice":"Card Removal","floor":19,"damage_taken":0},{"event_name":"Back to Basics","player_choice":"Simplicity","floor":20,"damage_taken":0},{"event_name":"Purifier","player_choice":"One Purge","floor":21,"damage_taken":0},{"event_name":"Nest","player_choice":"Joined the Cult","floor":22,"damage_taken":0},{"event_name":"The Library","player_choice":"Read","floor":31,"damage_taken":0},{"event_name":"Purifier","player_choice":"One Purge","floor":37,"damage_taken":0},{"event_name":"Winding Halls","player_choice":"Embrace Madness","floor":39,"damage_taken":0},{"event_name":"Falling","player_choice":"Removed Attack","floor":46,"damage_taken":0}],"is_beta":false,"boss_relics":[{"not_picked":["Lizard Tail","Tiny House"],"picked":"Busted Crown"},{"not_picked":["Coffee Dripper","Calling Bell"],"picked":"Sozu"}],"items_purged_floors":[],"is_endless":false,"potions_floor_spawned":[1,3,5,8,16,18,30,35,38],"ascension_level":4}